
@online{lancellotti_fullstack_2020,
  title      = {Fullstack {CRUD} Application With Fastify, Mongoose and React Admin (Part 1 — Backend)},
  url        = {https://medium.com/swlh/fullstack-crud-application-with-fastify-mongoose-and-react-admin-86d3e743dcdf},
  abstract   = {Backoffice views made easy},
  titleaddon = {The Startup},
  author     = {Lancellotti, Marco},
  urldate    = {2022-06-03},
  date       = {2020-11-26},
  langid     = {english},
  file       = {Snapshot:/Users/esantos98/Zotero/storage/JQP9JR2P/fullstack-crud-application-with-fastify-mongoose-and-react-admin-86d3e743dcdf.html:text/html}
}

@online{noauthor_ecmascript_nodate,
  title   = {{ECMAScript} 6: New Features: Overview and Comparison},
  url     = {http://es6-features.org/#Constants},
  urldate = {2022-06-04},
  file    = {ECMAScript 6\: New Features\: Overview and Comparison:/Users/esantos98/Zotero/storage/4KZAHTQY/es6-features.org.html:text/html}
}

@online{noauthor_express_nodate,
  title   = {Express - Node.js web application framework},
  url     = {https://expressjs.com/},
  urldate = {2022-06-04},
  langid  = {english},
  file    = {Snapshot:/Users/esantos98/Zotero/storage/ZBM55ANE/expressjs.com.html:text/html}
}

@online{noauthor_fastify_nodate,
  title    = {Fastify, Fast and low overhead web framework, for Node.js},
  url      = {https://www.fastify.io/},
  abstract = {Fast and low overhead web framework, for Node.js},
  urldate  = {2022-06-04},
  langid   = {english},
  file     = {Snapshot:/Users/esantos98/Zotero/storage/985U865P/www.fastify.io.html:text/html}
}

@online{noauthor_fastifyformbody_nodate,
  title      = {@fastify/formbody},
  url        = {https://www.npmjs.com/package/@fastify/formbody},
  abstract   = {A module for Fastify to parse x-www-form-urlencoded bodies. Latest version: 7.0.0, last published: a month ago. Start using @fastify/formbody in your project by running `npm i @fastify/formbody`. There are 14 other projects in the npm registry using @fastify/formbody.},
  titleaddon = {npm},
  urldate    = {2022-06-05},
  langid     = {english},
  file       = {Snapshot:/Users/esantos98/Zotero/storage/DP6GUKZX/formbody.html:text/html}
}

@online{noauthor_fastifymultipart_nodate,
  title      = {@fastify/multipart},
  url        = {https://www.npmjs.com/package/@fastify/multipart},
  abstract   = {Multipart plugin for Fastify. Latest version: 6.0.0, last published: a month ago. Start using @fastify/multipart in your project by running `npm i @fastify/multipart`. There are 12 other projects in the npm registry using @fastify/multipart.},
  titleaddon = {npm},
  urldate    = {2022-06-05},
  langid     = {english},
  file       = {Snapshot:/Users/esantos98/Zotero/storage/TJ4YZ4YW/multipart.html:text/html}
}

@online{noauthor_mongodb_nodate,
  title      = {{MongoDB} {\textbar} Build Faster. Build Smarter.},
  url        = {https://www.mongodb.com},
  abstract   = {Get your ideas to market faster with the leading modern data platform. {MongoDB} makes working with data easy.},
  titleaddon = {{MongoDB}},
  urldate    = {2022-06-04},
  langid     = {english},
  file       = {Snapshot:/Users/esantos98/Zotero/storage/39WL58Q8/www.mongodb.com.html:text/html}
}

@online{noauthor_mongodb_nodate-1,
  title      = {{MongoDB} Atlas Database {\textbar} Multi-Cloud Database Service},
  url        = {https://www.mongodb.com/atlas/database},
  abstract   = {The multi-cloud database service at the heart of our application data platform that accelerates and simplifies how you build with data. Try {MongoDB} Atlas today!},
  titleaddon = {{MongoDB}},
  urldate    = {2022-06-04},
  langid     = {english},
  file       = {Snapshot:/Users/esantos98/Zotero/storage/FDYX8C2T/database.html:text/html}
}

@online{noauthor_mongoose_nodate,
  title   = {Mongoose {ODM} v6.3.5},
  url     = {https://mongoosejs.com/},
  urldate = {2022-06-04},
  file    = {Mongoose ODM v6.3.5:/Users/esantos98/Zotero/storage/VFHTH8HJ/mongoosejs.com.html:text/html}
}

@online{noauthor_what_nodate,
  title      = {What is {CRUD}?},
  url        = {https://www.codecademy.com/article/what-is-crud},
  abstract   = {Create, Read, Update, and Delete ({CRUD}) are the four basic functions that models should be able to do, at most.},
  titleaddon = {Codecademy},
  urldate    = {2022-06-04},
  langid     = {english},
  file       = {Snapshot:/Users/esantos98/Zotero/storage/CIGHEQN7/what-is-crud.html:text/html}
}

@online{noauthor_what_nodate-1,
  title      = {What is {REST}},
  url        = {https://restfulapi.net/},
  abstract   = {{REST} is an acronym for {REpresentational} State Transfer. It is an architectural style for hypermedia systems and was first presented by Roy Fielding.},
  titleaddon = {{REST} {API} Tutorial},
  urldate    = {2022-06-04},
  langid     = {american},
  file       = {Snapshot:/Users/esantos98/Zotero/storage/HR9QTGX3/restfulapi.net.html:text/html}
}

@online{nodejs_nodejs_nodate,
  title      = {Node.js},
  url        = {https://nodejs.org/en/},
  abstract   = {Node.js® is a {JavaScript} runtime built on Chrome's V8 {JavaScript} engine.},
  titleaddon = {Node.js},
  author     = {Node.js},
  urldate    = {2022-06-04},
  langid     = {english},
  file       = {Snapshot:/Users/esantos98/Zotero/storage/Z63EDEWN/en.html:text/html}
}